<?xml version="1.0" encoding="UTF-8"?><collection xmlns="http://www.loc.gov/MARC21/slim"><record><leader>00443nam--2200157-i-4500</leader><controlfield tag="001">000036388</controlfield><controlfield tag="002">20161230</controlfield><controlfield tag="005">20161230201040</controlfield><controlfield tag="008">060222s1000------------r-----000-0-eng-d</controlfield><datafield ind1=" " ind2=" " tag="080"><subfield code="a">517.91</subfield></datafield><datafield ind1=" " ind2=" " tag="100"><subfield code="a">Porter, Brian</subfield></datafield><datafield ind1=" " ind2=" " tag="245"><subfield code="a">Stability criteria for linear dynamical systems</subfield></datafield><datafield ind1=" " ind2=" " tag="260"><subfield code="a">Edinburgh, Oliver &amp; Boyd, 1967, X + 195p</subfield></datafield><datafield ind1=" " ind2=" " tag="490"><subfield code="a">Mechanical Engineering Monographs, 1</subfield></datafield><datafield ind1=" " ind2=" " tag="852"><subfield code="a">32799</subfield><subfield code="c">517.9</subfield></datafield><datafield ind1=" " ind2=" " tag="CAT"><subfield code="a">Sys</subfield><subfield code="c">20081003</subfield><subfield code="h">094225</subfield></datafield></record></collection>